% authors

@string(idh = "Howarth, I. D.")
@string(kcs = "Smith, K. C.")
@string(conti = "Conti, P. S.")
@string(kud = "Kudritzki, R. P.")



% journals
@string(aa = "Astronomy and Astrophysics")
