%%%%% BOOKS %%%%%%%%%%%%%%%%%%%%%%%%%%%%%%%%%%%%%%%%%%%%%%%%%

@Book{jaja:book,
  author = 	 "Jaschek, C. and Jaschek, M.",
  title = 	 "The classification of stars",
  publisher = 	 "Cambridge University Press",
  year = 	 1987,
}

@BOOK{un:monograph,
 title  = "O-type stars and Wolf-Rayet stars",
 editor = "Conti, P. S. and Underhill, A. B.",
 publisher = "NASA SP",
 year = 1988 }
 % Lots of good stuff in here + lots of refs

@BOOK{salg,
  title = {Stellar Astrophysic for the Local Group},
  editor = {Aparicio, A. and Herrero, A. and S\'anchez, F.},
  publisher = {Cambridge University Press},
  year = 1998,
}

@Book{uesugi,
  author = 	 {Uesugi, A. and Fukuda, I.},
  title = 	 {Revised Catalogue of Stellar Rotational Velocities},
  publisher = 	 {Department of Physics \& Astronomy, Kyoto University},
  year = 	 {1982},
}

@Book{nr,
  author = 	 {Press, W. H. and Teukolsky, S. A. and Vetterling, W. T.
                  and Flannery, B. P.},
  title = 	 "Numerical Recipes in {FORTRAN}",
  publisher = 	 {Cambridge University Press},
  year = 	 {1992},
  edition =      {2nd},
}

@Book{striganov,
  author = 	 {Striganov, A. R. and Sventitskii, N. S.},
  title = 	 {Tables of Spectral Lines of Neutral and Ionized Atoms},
  publisher = 	 {IFI/Plenum Data Corporation},
  year = 	 {1968},
  address = 	 {New York, N.Y. 10011},
}

@Book{gray,
  author = 	 {Gray, D. F.},
  title = 	 {The observation and analysis of stellar photospheres},
  publisher = 	 {Cambridge University Press},
  year = 	 {1992},
}

@Booklet{,
  title = 	 {The Atmospheres of Hot Stars: Modern Theory and Observation},
  author =	 {Kudritzki, R. P.},
  howpublished = {Lecture notes for 18th Advanced Course by Swiss
                  Society of Astronomy and Astrophysics},
  year =	 {1988},
}

%%%%% PROCEEDINGS %%%%%%%%%%%%%%%%%%%%%%%%%%%%%%%%%%%%

%%%% ASP

@PROCEEDINGS{asp:35,
    editor = "Cassinelli, J. P. and Churchwell, E. B.",
    title = "Massive stars: Their lives in the interstellar medium",
    series = "ASP Conference Series",
    volume = 35,
    year = 1993,
}

@PROCEEDINGS{asp:96,
    editor = "{Leitherer}, Claus and {Fritze-von Alvensleben}, Uta and 
	      {Huchra}, John",
    title = "From stars to galaxies: The impact of stellar physics on
             galaxy evolution",
    series = "ASP Conference Series",
    volume = 98,
    year = 1996,
}
%Didn't take this out - just photocopied the relevant articles."

@Proceedings{bmwII,
  title = 	 "Boulder-Munich II: Properties of Hot, Luminous Stars",
  year = 	 "1998",
  editor = 	 "Howarth, I. D.",
  volume = 	 "131",
  series = 	 "ASP Conference Proceedings",
}

%%%%% IAU 

@PROCEEDINGS{iau:70,
    editor = "{Slettebak}, A.",
    title = "Be and shell stars",
    series = "IAU Symposia",
    year = 1976,
    volume = 70,
}

@PROCEEDINGS{iau:92,
    editor = "{Slettebak}, A. and Snow, T. P.",
    title = "Physics of Be stars",
    series = "IAU Symposia",
    year = 1987,
    volume = 92,
}


@PROCEEDINGS{iau:108,
    editor = "Nomoto, K.",
    title = "Atmospheric Diagnostics of Stellar Evolution: 
             Chemical peculiarity, mass loss, and explosion",
    series = "IAU Symposia",
    volume = 108,
    year = 1988,
}

@PROCEEDINGS{iau:162,
    editor = "Balona, L. A. and Henrichs, H. F. and {Le Contel}, J. M.",
    title = "Pulsation, rotation and mass loss in early-type stars",
    series = "IAU Symposia",
    year = 1994,
    volume = 162,
}

%%%% OTHER PROCEEDINGS

@PROCEEDINGS{ASI-341,
    editor = "Crivellari, L. and Hubeny, I. and Hummer, D. G.",
    title = "Proceedings of the NATO Advanced Research Workshop on Stellar
             Atmospheres: Beyond Classical Models",
    series = "NATO ASI series",
    volume = "C 341",
    year = 1991,
}

@PROCEEDINGS{lnp401,
    editor = "Heber, U. and Jeffery, C. S.",
    title  = "The Atmospheres of Early-Type Stars",
    series = "Lecture Notes in Physics",
    volume = 401,
    year = 1992,
}