%%%%% A, B, C %%%%%%%%%%%%%%%%%%%%%%%%%%%%%%%%%%%%%%%

@Article{ab:82,
  author = "Abbott, D. C.",
  journal = apj,
  year   = 1982,
  volume = 263,
  pages = 723,
}

@Article{ad:14,
  author = 	 {Adams, W. S. and Kohlsch\"utter, A.},
  journal = 	 apj,
  year = 	 1914,
  volume =	 40,
  pages =	 385,
}

@Article{au:74,
  author = 	 {Auer, L. H. and Heasley, J. N.},
  journal = 	 apj,
  year = 	 1974,
  volume =	 205,
  pages =	 165,
}

@article{ba:blaze,
  author=        {Barker, P. K.},
  title =        {Ripple correction of high-dispersion IUE spectra:
		  blazing echelles},
  journal=       astj,
  volume=        89,
  year =         1984,
  pages =        899,
}

  
@InProceedings{1994IAUS..162..311B,
  author = 	 "Baade, D. and Balona, L. A.",
  crossref =	 "iau:162",
  pages =	 "311",
}

@ARTICLE{1970CoAsi.239....1B,
    author = "{Bernacca}, P. L. and {Perinotto}, M.",
    title = "A catalogue of stellar rotational velocities.",
    journal = "Contributions dell'Osservatorio Astrofisica dell'Universita di Padova in Asiago",
    year = 1970,
    volume = 239,
    pages = "1",
    adsnote = {Provided by the NASA Astrophysics Data System}
}

@article{bi:82,
 author="Bisiacchi, G. F. and Lopez, J. A. and Firmani, C.",
 year = 1982,
 journal = aa,
 volume = 107,
 pages = 252,
}
%found this in un:82

@ARTICLE{1993ApJ...409..429B,
    author = "{Bjorkman}, J. E. and {Cassinelli}, J. P.",
    title = "Equatorial disk formation around rotating stars due to ram pressure confinement by the stellar wind",
    journal = apj,
    year = 1993,
    month = may,
    volume = 409,
    pages = "429",
    adsnote = {Provided by the NASA Astrophysics Data System}
}

ARTICLE{bl:runaway,
    author = "{Blaauw}, A.",
    title = "On the origin of the O and B- type stars with high velocities (the ``run-away'' stars), and some related problems.",
    journal = bain,
    year = 1961,
    volume = 15,
    pages = 265,
}



ARTICLE{bl:perOB,
    author = "{Blaauw}, A.",
    title = "The age and evolution of the zet Per group of O and B-type stars.",
    journal = bain,
    year = 1950,
    volume = 11,
    pages = "405",
    note = "not quite sure about this reference - listed as 1952 in \cite{ga:OBreview}"
}

@ARTICLE{bo:86,
    author = "{Bohannan}, B. and {Abbott}, D. C. and {Voels}, S. A. and {Hummer}, D. G.",
    title = "Photospheres of hot stars. II - An analysis of Zeta Puppis",
    journal = apj,
    year = 1986,
    month = sep,
    volume = 308,
    pages = "728",

}

@Article{bolt_rog,
  author = 	 {Bolton, C. T. and Rogers, G. L.},
  title = 	 {The Binary Frequency of the OBN and OBC stars},
  journal = 	 apj,
  year = 	 1978,
  volume = 	 222,
  pages = 	 234,
}



@InProceedings{ca:93,
  author = 	 {Castor, J. I.},
  crossref =	 {asp:35},
  pages =	 {297},
}

@InBook{ch:98,
  author = 	 "Chiosi, C.",
  title = 	 "Fundamentals of Stellar Evolution Theory:
		  Understanding the HRD",
  OPTchapter = 	 "1",
  pages = 1,
  crossref =     {salg},
}

@Article{code:76,
  author = 	 "Code, A. D. and Davis, J. and Bless R. C. and 
                  {Hanbury Brown}, R.",
  journal = 	 apj,
  year = 	 1976,
  volume = 	 203,
  pages = 	 417,
}
  

@ARTICLE{co:71,
    author = "{Conti}, P. S. and Alschuler, W. R.",
    journal = astj,
    year = 1971,
    volume = 170,
    pages = 325,
}

@ARTICLE{co:v,
    author = "{Conti}, P. S. and {Leep}, E. M.",
    title = "Spectroscopic observations of O-type stars.V. The hydrogen lines and lambda 4686 HeII.",
    journal = apj,
    year = 1974,
    volume = 193,
    pages = "113",
}

@ARTICLE{co:vi,
    author = "{Conti}, P. S. and {Frost}, S. A.",
    title = "Spectroscopic studies of O-type stars. VI - The earliest types: O3-O5.5",
    journal = apj,
    year = 1977,
    volume = 212,
    pages = "728",
}

@ARTICLE{co:vii,
    author = "{Conti}, P. S. and {Ebbets}, D.",
    title = "Spectroscopic studies of O-type stars. VII. Rotational velocities V
*sin(i) and evidence for macroturbulent motions.",
    journal = apj,
    year = 1977,
    month = apr,
    volume = 213,
    pages = 438,
}

@ARTICLE{co:viii,
    author = "{Conti}, P. S. and {Leep}, E. M. and {Lorre}, J. J.",
    title = "Spectroscopic studies of O-type stars. VIII - Radial velocities and
 the K-term",
    journal = apj,
    year = 1977,
    month = jun,
    volume = 214,
    pages = 759,
}



@Article{co:83,
  author = 	 {Conti, P. S. and Garmany, C. D. and {de Loore} C. and 
                  Vanbeveren, D.}, 
  journal = 	 apj,
  year = 	 1983,
  volume =	 {274},
  pages =	 {302},
}

%%%%% D, E, F %%%%%%%%%%%%%%%%%%%%%%%%%%%%%%%%%%%%%%%

@ARTICLE{da:75,
    author = "{Day}, R. W. and {Warner}, B.",
    title = "A rotational velocity study of sharp-line B stars",
    journal = mn,
    year = 1975,
    month = nov,
    volume = 173,
    pages = "419",
    adsnote = {Provided by the NASA Astrophysics Data System}
}

@InProceedings{do:87,
  author = 	 "Doazan, V.",
  pages =	 384,
  crossref =	 "iau:92",
}


@article{fu:96,
  author = "Fullerton, A. W. and Gies, D. R. and Bolton, C. T.",
  journal = apjss,
  volume = 103,
  pages = 475,
  year = 1996
}

%%%%% G, H, I %%%%%%%%%%%%%%%%%%%%%%%%%%%%%%%%%%%%%%%

@ARTICLE{ga:80,
    author = "{Garmany}, C. D. and {Conti}, P. S. and {Massey}, P.",
    title = "Spectroscopic studies of O type stars. IX - Binary frequency",
    journal = apj,
    year = 1980,
    month = dec,
    volume = 242,
    pages = "106",
}

@article{ga:imf,
 author=         "Garmany, C. D. and Conti, P. S. and Chiosi, C.",
 title=          "The initial mass function for massive stars",
 journal=        apj,
 year=           1982,
 volume = 	 263,
 pages = 	 777,
}

@Article{ga:OBreview,
  author = 	 "Garmany, C. D.",
  title = 	 "OB Associations: Massive Stars in Context",
  journal = 	 pasp,
  year = 	 1994,
  volume = 	 106,
  pages = 	 25,
}

@Article{gg,
  author = 	 "Garrison, R. F. and Gray, R. O.",
  title = 	 "The late b-type stars: refined mk classification, confrontation 
                  with stromgren photometrym, and the teffects of rotation",
  journal = 	 astj,
  year = 	 1994,
  volume = 	 107,
  pages = 	 1556,
}

@ARTICLE{gi:86,
    author = "{Gies}, D. R. and {Bolton}, C. T.",
    title = "The binary frequency and origin of the OB runaway stars",
    journal = apjss,
    year = 1986,
    month = jun,
    volume = 61,
    pages = "419",
}
@ARTICLE{gi:87,
    author = "{Gies}, D. R.",
    journal = apjss,
    year = 1987,
    volume = 64,
    pages = 545,
}


@article{gr:92,
 author="Grigsby, J. A. and Morrison, N. D. and Anderson, L. S.",
 journal=apjss,
 year=1992,
 volume=78,
 pages=205}

@ARTICLE{gr:89,
    author = "{Groenewegen}, M. A. T. and {Lamers}, H. J. G. L. M. and 
              {Pauldrach}, A. W. A.",
    title = "The winds of O-stars. II - The terminal velocities of stellar winds of 
             O-type stars",
    journal = aa,
    year = 1989,
    month = aug,
    volume = 221,
    pages = "78",
}

@article{hs,
 author="Hauck, B. and Slettebak, A.",
 year = 1989,
 journal = aa,
 volume = 214,
 pages = 153,
}

@InProceedings{ha:87,
  author = 	 {Harmanec, P.},
  crossref =     "iau:92",
  pages = 	 339,
}

@InProceedings{ha:98,
  author = 	 {Hanson, M. M.},
  crossref =     "bmwII",
  pages = 	 1,
}

@Article{he:87hyd,
  author = 	 {Herrero, A.},
  journal = 	 aa,
  year = 	 1987,
  volume =	 171,
  pages =	 189,
}

@Article{he:87he,
  author = 	 {Herrero, A.},
  journal = 	 aa,
  year = 	 1987,
  volume =	 186,
  pages =	 231,
}

@article{he:92,
 author="Herrero, A. and Kudritzki, R. P. and Vilchez, J. M. and
         Kunze, D. and Butler, K. and Haser, S.",
 year=1992,
 journal=aa,
 volume=261,
 pages=209
}

@article{hj:68,
 author="Hjellming, R. M.",
 year=1968,
 journal=apj,
 volume=154,
 pages=533
}

@article{ho:winds,
 author="Howarth, I. D. and Prinja, R. K.",
 year = 1989,
 journal = apjss,
 volume = 69,
 pages = 527,
}

@article{ho:xcorr,
 author="Howarth, I. D. and Siebert, K. W. and Hussain, G. A. J. and
         Prinja, R. K. ",
 year = 1997,
 journal = mn,
 volume = 284,
 pages=265,
}

@article{1997Obs..117..335H,
 author="Howarth, I. D.",
 year = 1997,
 journal = obs,
 volume = 117,
 pages = 335,
}

@Article{tlusty1,
  author = 	 "Hubeny, I.",
  journal = 	 compcom,
  year = 	 1988,
  volume = 	 52,
  pages = 	 103,
}

@Article{tlusty2,
  author = 	 "Hubeny, I. and Lanz, T.",
  journal = 	 apj,
  year = 	 1995,
  volume = 	 439,
  pages = 	 875,
}

@InProceedings{hu:98,
  author = 	 "Hubeny, I.",
  pages = 	 108,
  crossref =     "bmwII",
}

@Article{hu:88,
  author = 	 "Hummer, D. G. and Abbot D. C. and Voels, S. A. and
                  Bohannan, B.",
  journal = 	 apj,
  year = 	 1988,
  volume = 	 328,
  pages = 	 704,
}

@InProceedings{hu:91,
  author = 	 {Hummer, D. G. and Hubeny, I.},
  pages = 	 119,
  crossref =     "asi-341",
}




@Article{hu:78,
  author = 	 {Humphreys, R. M.},
  journal = 	 apjss,
  year = 	 1978,
  volume =	 38,
  pages =	 309,
}

%%%%% J, K, L %%%%%%%%%%%%%%%%%%%%%%%%%%%%%%%%%%%%%%%

@ARTICLE{jaja:74,
    author = "{Jaschek}, M. and {Jaschek}, C.",
    title = "The CNO stars",
    journal = aa,
    year = 1974,
    month = dec,
    volume = 36,
    pages = "401",
}

@ARTICLE{jaja:67,
    author = "{Jaschek}, M. and {Jaschek}, C.",
    journal = apj,
    year = 1967,
    volume = 150,
    pages = 355,
}


@ARTICLE{ka:parallax,
    author = "{Kapteyn}, J. C.",
    title = "On the individual parallaxes of the brighter galactic helium stars in the southern hemisphere, together with considerations on the parallax of stars in general. ",
    journal = apj,
    year = 1914,
    volume = 40,
    pages = "43--126",
}

@ARTICLE{ku:83,
    author = "{Kudritzki}, R. P. and {Simon}, K. P. and {Hamann}, W.-R.",
    title = "Non-LTE analysis of massive O-stars. II - The O4 star Zeta Puppis",
    journal = aa,
    year = 1983,
    month = feb,
    volume = 118,
    pages = "245",
}

@ARTICLE{ku:90,
    author = "{Kudritzki}, R. P. and Hummer, D. G.",
    journal = "Annu. Rev. Astron. Astrophys.",
    year = 1990,
    volume = 28,
    pages = 303,
}


@InProceedings{la:98,
  author = 	 {Langer, N and Heger, A},
  title = 	 {The Evolution of Surface Parameters of Rotating Massive Stars},
  crossref =     {bmwII},
  pages = 	 76,
}

@Article{le:runawayII,
  author = 	 "Leonard, P. J. T. and Duncan, M. J.",
  title = 	 "Runaway stars from young star clusters containing
		  initial binaries. II. A mass spectrum and a binary
		  energy spectrum",
  journal = 	 astj,
  year = 	 1990,
  volume = 	 99,
  number = 	 2,
  pages = 	 608,
}

@article{1988ApJS...68..319L,
 author="Levato, H. and Morrell, N. and Garcia, B. and Malaroda, S.",
 year = 1988,
 journal = apjss,
 volume = 68,
 pages = 319
}

@article{l68,
 author="Lesh, J. R.",
 year = 1968,
 journal = apjss,
 volume = 17,
 pages = 371
}

%article{lo:83,
% author="Lopez, J. A. and Walsh, J. R.",
% year = 1983,
% journal = mn,
% volume = 204,
% pages = 129
%}
 %GET
 %found this in un:82


%%%%% M, N, O %%%%%%%%%%%%%%%%%%%%%%%%%%%%%%%%%%%%%%%

@ARTICLE{1988A&AS...76..427M,
    author = "{Mathys}, G.",
    title = "The upper main sequence of OB associations. I - Spectral types and 
lines of C and N of southern single-lined O stars",
    journal = aas,
    year = 1988,
    month = dec,
    volume = 76,
    pages = "427--444",
}

@ARTICLE{ma:89,
    author = "{Mathys}, G.",
    title = "The upper main sequence of OB associations. II - The single-lined O stars: Spectral classification of northern stars and lines of C and N",
    journal = aas,
    year = 1989,
    month = dec,
    volume = 81,
    pages = "237",
}

@ARTICLE{1987A&A...182..243M,
    author = "{Maeder}, A. and {Meynet}, G.",
    title = "Grids of evolutionary models of massive stars with mass loss and overshooting - Properties of Wolf-Rayet stars sensitive to overshooting",
    journal = aa,
    year = 1987,
    month = aug,
    volume = 182,
    pages = "243",
    adsnote = {Provided by the NASA Astrophysics Data System}
}

@InProceedings{ma:98,
  author = 	 {Maeder, A.},
  title = 	 {The physics of rotational mixing in massive stars},
  crossref =     {bmwII},
  pages = 	 85,
}

@ARTICLE{mason:98,
    author = "{Mason}, Brian D. and {Gies}, Douglas R. and {Hartkopf}, William I.
        and {Bagnuolo.}, William G., Jr. and {Ten Brummelaar}, Theo and {McAlister}, Harold A.",
    title = "ICCD Speckle Observations of Binary Stars. XIX. An Astrometric/Spectroscopic Survey of O Stars",
    journal = astj,
    year = 1998,
    month = feb,
    volume = 115,
    pages = "821--847",
    adsnote = {Provided by the NASA Astrophysics Data System}
}

@Article{mcer:98,
  author = 	 {{McErlean}, N. D. and Lennon, D. J. and Dufton, P. L.},
  title = 	 {Helium enhancements in luminous {OB}-type stars: the
                  effect of microturbulence},
  journal = 	 aa,
  year = 	 1998,
  volume =	 329,
  pages =	 613,
}

@INPROCEEDINGS{me:98,
    author = "{Meynet}, G. ",
    title = "Massive-Star Models With Rotation: New Numerical Results",
    booktitle = "ASP Conf. Ser. 131: Properties of Hot Luminous Stars",
    year = 1998,
    pages = "96",
    crossref = {bmwII}
}

@ARTICLE{mo:hipparcosI,
    author = "{Moffat}, A. F. J. and {Marchenko}, S. V. and {Seggewiss}, W.
        and {Van Der Hucht}, K. A. and {Schrijver}, H. and {Stenholm}, B.
        and {Lundstrom}, I. and {Gunawan}, D. Y. A. Setia and {Sutantyo}, W.
        and {Van Den Heuvel}, E. P. J. and {De Cuyper}, J. -P. and {Gomez}, A. E.",
    title = "Wolf-Rayet stars and O-star runaways with HIPPARCOS. I. Kinematics",
    journal = aa,
    year = 1998,
    month = mar,
    volume = 331,
    pages = "949",
}

@Article{mo:69,
  author = 	 "Morton, D. C.",
  journal = 	 apj,
  year = 	 1969,
  volume = 	 158,
  pages = 	 629,
}

@Article{mo:97,
  author = 	 "Monteverde, M. I. and Herrero, A. and Lennon, D. J. and
                  Kudritzki, R. P.",
  journal = 	 apj,
  year = 	 1997,
  volume = 	 474,
  pages = 	 107,
}

@Article{mo:98,
  author = 	 "Monteverde, M. I. and Herrero, A.",
  pages = 	 192,
  crossref =    "bmwII",
}


%%%%% P, Q, R %%%%%%%%%%%%%%%%%%%%%%%%%%%%%%%%%%%%%%%

@Article{pa:93,
  author = 	 "Palla, F. and Stahler, S. W.",
  journal = apj,
  year = 1993,
  volumne = 418,
  pages = 414,
}

@Article{pe:xcorr,
  author = 	 {Penny, L.},
  title = 	 {Projected rotational velocities of o-type stars},
  journal = 	 apj,
  year = 	 1996,
  volume = 	 463,
  pages = 	 737,
}

@InProceedings{1976IAUS...70..439P,
  author = 	 "{Plavec}, M.",
  pages =        439,
  crossref =     "iau:70",
}

@article{po:67,
 author = "Poveda, A. and Ruiz, J. and Allen, C.",
 journal = "Bol. Obs. Tonantzintla y Tacubaya",
 year = 1967,
 volume = 4,
 pages = 86
}

@article{pu:96,
  author = "Puls, J. and Kudritzki, R. P. and Herrero, A. and
            Pauldrach, A. W. A. and Haser, S. M. and Lennon, D. J.
            Gabler, R. and Voels, S. A. and Vilchez, J. M. and Wachter, S. and
            Feldmeier, A.",
  journal = aa,
  year = 1996,
  volume = 305,
  pages = 171,
}

@article{1981A&A...100...79R,
  author = "Ringuelet, A. E. and Fontenla, J. M. and Rovira, M.",
  journal = aa,
  year = 1981,
  volume = 100,
  pages = 79,
}

%%%%% S, T, U %%%%%%%%%%%%%%%%%%%%%%%%%%%%%%%%%%%%%%%

@article{schaller:92,
 author = "Schaller, G. and Schaerer, D. and Meynet, G. and Maeder, A.",
 journal = aas,
 year = 1992,
 volume = 96,
 pages = 269
}

@article{scholtz:lines,
 author = "Scholtz, M.",
 journal = aas,
 year = 1972,
 volume = 7,
 pages = 469
}

@article{sc:88,
 author = "{Sch\"onberner}, D. and 
           {Herrero}, A. and
           {Becker}, S. and
           {Eber}, F. and
           {Butler}, K. and
           {Kudritzki}, R. P. and
           {Simon}, K. P.",
 journal = aa,
 year = 1988,
 volume = 197,
 pages = 209}

@ARTICLE{sl:56,
    author = "{Slettebak}, A.",
    title = "Line broadening in the spectra of O and early B-type stars.",
    journal = apj,
    year = 1956,
    volume = 124,
    pages = 173,
}

@article{sl:75,
 author = "Slettebak, A. and Collins, G. W. and Boyce, P. B. and White, N. M. 
           and Parkinson, T. D.",
 journal = apjss,
 year = 1975,
 volume = 29,
 pages = 137}

@article{sl:82,
 author = "Slettebak, A.",
 journal = apjss,
 year = 1982,
 volume = 50,
 pages = 55,
}

@article{sl:88,
 author = "Slettebak, A.",
 journal = pasp,
 year = 1988,
 volume = 100,
 pages = 770,
}

@article{sm:94,
 author = "Smith, K. C. and  Howarth, I. D.",
 title = "Helium chemistry of {ONC} supergiants",
 journal = aa,
 year = 1994,
 volume = 290,
 pages = 868}

@article{sm:98,
 author = "Smith, K. C. and  Howarth, I. D.",
 title = "Microturbulence in {O} supergiants",
 journal = mn,
 year = 1998,
 volume = 299,
 pages = 1146}

@ARTICLE{1997ApJ...481..479S,
    author = "{Smith}, Myron A. and {Murakami}, T. and {Ezuka}, H. and {Anandarao}, B. G.
        and {Chakraborty}, A. and {Corcoran}, M. F. and {Hirata}, R.",
    title = "Dynamic Processes in Be Star Atmospheres. VI. Simultaneous X-Ray, Ultraviolet, and Optical Variations in lambda Eridani",
    journal = apj,
    year = 1997,
    month = may,
    volume = 481,
    pages = "479",
    adsnote = {Provided by the NASA Astrophysics Data System}
}



@Article{st:runaway,
  author = 	 "Stone, R. C.",
  title = 	 "The space frequency and origin of the runaway O and
		  B stars",
  journal = 	 astj,
  year = 	 1991,
  volume = 	 102,
  number = 	 1,
  pages = 	 333,
}

@article{un:48lib,
  author =       "Underhill, A. B.",
  journal =      astj,
  year =         1953,
  volume =       58,
  pages =        210,
}

@article{un:79,
  author =       "Underhill, A. B. and Divan, L. and {Pr\'evot-Burnichon}, M. L.
                  and Doazan, V.",
  journal =      mn,
  year =         1979,
  volume =       189,
  pages  =       601,
}

@article{un:82,
  author =       "Underhill, A. B.",
  journal =      apj,
  year =         1982,
  volume =       263,
  pages  =       741,
}


@InProceedings{un:87,
  author = 	 "Underhill, A. B.",
  crossref = 	 "iau:92",
  page =         441,
}

%%%%% V, W, X, Y, Z %%%%%%%%%%%%%%%%%%%%%%%%%%%%%%%%%%%%

@article{vo:89,
  author =       "Voels, S. A. and Bohannan, B. and Abbott, D. C. and Hummer, D. G.",
  title  =       "Photospheres of hot stars. III. Luminosity effects at spectral type O9.5",
  journal =      apj,
  year    =      1989,
  volume =       340,
  pages  =       1073,
}

@article{wa:70,
  author =       "Walborn, N. R.",
  title =        "Some spectroscopic characteristics of the OB stars: a nitrogen anomaly",
  journal =      apj,
  year =         1970,
  volume =       161,
  pages  =       "L149",
}

@article{wa:71supp,
  author =       "Walborn, N. R.",
  title =        "Some spectroscopic characteristics ofthe OB stars: an investigation of the space distribution of certain ob stars and the reference frame of the classification",
  journal =      apjss,
  year =         1971,
  volume =       23,
  pages =        257, 
}

@article{wa:71cn,
  author =       "Walborn, N. R.",
  title =        "on the existence of OB stars with anomalous nitrogen and carbon spectra",
  journal =      apj,
  year =         1971,
  volume =       164,
  pages =        "L67", 
}

@article{wa:73,
  author =       "Walborn, N. R.",
  title =        "the space distribution of the o stars in the solar neighborhood",
  journal =      astj,
  year =         1973,
  volume =       78,
  pages =        "1067", 
}

@article{wa:76,
  author =       "Walborn, N. R.",
  title  =       "The OBN and OBC stars",
  journal =      apj,
  year =         1976,
  volume =       205,
  pages =        419, 
}


@ARTICLE{wa:uv1,
    author = "{Walborn}, N. R. and {Panek}, R. J.",
    title = "Ultraviolet spectral morphology of the O stars - The remarkable luminosity dependence of the Si IV stellar wind effect",
    journal = apjl,
    year = 1984,
    month = may,
    volume = 280,
    pages = "L27",
    adsnote = {Provided by the NASA Astrophysics Data System}
}

@ARTICLE{wa:uv2,
    author = "{Walborn}, N. R. and {Panek}, R. J.",
    title = "Ultraviolet spectral morphology of the O stars. II - The main sequence",
    journal = apj,
    year = 1984,
    month = nov,
    volume = 286,
    pages = 718,
    adsnote = {Provided by the NASA Astrophysics Data System}
}

@ARTICLE{wa:uv3,
    author = "{Walborn}, N. R. and {Panek}, R. J.",
    title = "Ultraviolet spectral morphology of the O stars. III - The ON and OC stars",
    journal = apj,
    year = 1985,
    month = apr,
    volume = 291,
    pages = "806",
    adsnote = {Provided by the NASA Astrophysics Data System}
}

@ARTICLE{wa:uv4,
    author = "{Walborn}, Nolan R. and {Nichols-Bohlin}, Joy",
    title = "Ultraviolet spectral morphology of the O stars. IV - The OB supergiant sequence",
    journal = pasp,
    year = 1987,
    month = jan,
    volume = 99,
    pages = "40",
    adsnote = {Provided by the NASA Astrophysics Data System}
}


@InProceedings{wa:88,
  author = 	 "Walborn, N. R.",
  title = 	 "Evolutionary helium and CNO anomalies in the atmospheres and winds of massive hot stars",
  crossref =  "iau:108",
}

@article{wa:96,
  author =       "Walborn, N. R. and Bohlin, R. C.",
  title  =       "An Atlas of OB Spectra from 1000 to 1200\AA",
  journal =      pasp,
  year =         1996,
  volume =       108,
  pages =        477, 
}

@article{zeipel,
  author =       "{von Zeipel}, H.",
  journal =      mn,
  volumne = 84,
  pages = 665,
  year = 1924
}

%%%% STARLINK %%%%%%%%%%%%%%%%%%%%%%%%%%%%%%%%%%%%%%%%%%%

@Manual{sun:152,
  title = 	 {Starlink User Note 152},
  author = 	 {Mills, D. and Webb, J. and Clayton, M.},
  year = 	 {1997},
}

@manual{sg:7,
  title =        {Starlink Guide 7},
  author =       {Tweedy, R. W. and Clayton, M.},
  year   =       {1996},
}

@manual{sg:9,
  title =        {Starlink Guide 9},
  author =       {Clayton, M.},
  year   =       {1996},
}

@manual{iuedr,
  title =        {Starlink User Note 37},
  author =       {Giddings, J. and Rees, P. and Mills, D. and Clayton, M.},
  year =          1996
}

@manual{dipso,
  title =        {Starlink User Note 50},
  author =       {Howarth, I. D. and Murray, J. and Mills, D. and
		  Berry, D. S.},
  year =          1997
}

@manual{figaro,
  title =        {Starlink User Note 86},
  author =       {Shortridge, K. and Meyerdierks, H. and Currie, M. 
                  and Clayton, M. and Lockley, J.},
  year =          1997
}

%%%% MANUALS %%%%%%%%%%%%%%%%%%%%%%%%%%%%%%%%%%%%%%%%%%%%%%%%

@Manual{bu:85,
  title = 	 "CCP7 Newsletter on Analysis of Astronomical Spectra No. 9",
  author =       "Butler, K. and Giddings, J. R.",
  address = 	 "Daresbury Laboratory, UK",
  year =         1985,
}


%%%% HUBBLE DEEP FIELD %%%%%%%%%%%%%%%%%%%%%%%%%%%%%%%%%%%%%%
@ARTICLE{hdf,
    author = "{Williams}, Robert E. and {Blacker}, Brett and {Dickinson}, Mark
        and {Dixon}, W. Van Dyke and {Ferguson}, Henry C. and {Fruchter}, Andrew S.
        and {Giavalisco}, Mauro and {Gilliland}, Ronald L. and {Heyer}, Inge
        and {Katsanis}, Rocio and {Levay}, Zolt and {Lucas}, Ray A. and {McElroy}, Douglas B.
        and {Petro}, Larry and {Postman}, Marc and {Adorf}, Hans-Martin
        and {Hook}, Richard",
    title = "The Hubble Deep Field: Observations, Data Reduction, and Galaxy Photometry",
    journal = astj,
    year = 1996,
    month = oct,
    volume = 112,
    pages = "1335",
    adsnote = {Provided by the NASA Astrophysics Data System}
}

@ARTICLE{fr:98,
    author = "{Franceschini}, Alberto and {Silva}, Laura and {Fasano}, Giovanni
        and {Granato}, Luigi and {Bressan}, Alessandro and {Arnouts}, Stephane
        and {Danese}, Luigi",
    title = "Early-Type Galaxies in the Hubble Deep Field: The Star Formation History",
    journal = apj,
    year = 1998,
    month = oct,
    volume = 506,
    pages = "600",
    adsnote = {Provided by the NASA Astrophysics Data System}
}



%%%% GUIDE STAR CATALOGUE %%%%%%%%%%%%%%%%%%%%%%%%%%%%%%%%%%%

@ARTICLE{1990AJ.....99.2019L,
    author = "{Lasker}, Barry M. and {Sturch}, Conrad R. and {McLean}, Brian J.
	and {Russell}, Jane L. and {Jenkner}, Helmut and {Shara}, Michael M.",
    title = "The Guide Star Catalog. I - Astronomical foundations and image processing",
    journal = astj,
    year = 1990,
    volume = 99,
    pages = 2019,
}

@ARTICLE{1990AJ.....99.2059R,
    author = "{Russell}, Jane L. and {Lasker}, Barry M. and {McLean}, Brian J.
	and {Sturch}, Conrad R. and {Jenkner}, Helmut",
    title = "The Guide Star Catalog. II - Photometric and astrometric models and solutions",
    journal = astj,
    year = 1990,
    volume = 99,
    pages = 2059,
}

@ARTICLE{1990AJ.....99.2082J,
    author = "{Jenkner}, H. and {Lasker}, B. M. and {Sturch}, C. R. and {McLean}, B. J.
	and {Shara}, M. M. and {Russel}, J. L.",
    title = "The Guide Star Catalog. III - Production, database organization, and population statistics",
    journal = astj,
    year = 1990,
    volume = 99,
    pages = 2082,
}


%%%% OTHERS %%%%%%%%%%%%%%%%%%%%%%%%%%%%%%%%%%%%%%%%%%%%%%%%%

@PhdThesis{gi:81,
  author = 	 {Giddings, J. R.},
  year   =       1981,
  school = 	 {University of London},
}

@PhdThesis{bu:84,
  author = 	 {Butler, K.},
  year   =       1984,
  school = 	 {University of London},
}

@PhdThesis{ahnr,
        author    = "Reid, A. H. N.",
        year      = 1994,
        school    = "University of London",
}

@Misc{bsc5,
  author = 	 {Hoffleit, D and {Warren Jr.}, W. H.},
  title = 	 {Bright Star Catalogue},
  howpublished = {Electronic 5th Revised Edition},
  year = 	 1991,
  edition = 	 {5},
}

@Article{hdcat,
  author = 	 {Cannon, A. J. and Pickering, E. C.},
  title = 	 {Henry Draper Catalog},
  journal = 	 "Ann. Astron. Obs. Harvard Coll.",
  year = 	 1918,
  volume = 	 {91-99},
}

