
%
%@InBook{ed:movements,
%  author = 	 "Eddington, A. S.",
%  title = 	 "{Stellar Movements} and the structure of the {Universe}",
%  chapter = 	 "IV",
%  publisher =    "MacMillan",
%  year = 	 "1914",
%  address = 	 "London",
%}
%
