
@ARTICLE{1989A&A...210..155M,
    author = "{Maeder}, A. and {Meynet}, G.",
    title = "Grids of evolutionary models from 0.85 to 120 solar masses - Observational tests and the mass limits",
    journal = "\aap",
    year = 1989,
    month = feb,
    volume = 210,
    pages = "155--173",
    adsnote = {Provided by the NASA Astrophysics Data System}
}

@ARTICLE{1996ApJ...465..359L,
    author = "{Lanz}, Thierry and {De Koter}, Alex and {Hubeny}, Ivan and {Heap}, Sara R.",
    title = "Toward Resolving the ``Mass Discrepancy'' in O-Type Stars",
    journal = "\apj",
    year = 1996,
    month = jul,
    volume = 465,
    pages = "359+",
    adsnote = {Provided by the NASA Astrophysics Data System}
}

@ARTICLE{1992ApJ...387..673G,
    author = "{Gies}, Douglas R. and {Lambert}, David L.",
    title = "Carbon, nitrogen, and oxygen abundances in early B-type stars",
    journal = "\apj",
    year = 1992,
    month = mar,
    volume = 387,
    pages = "673--700",
    adsnote = {Provided by the NASA Astrophysics Data System}
}

@ARTICLE{1996ApJ...460..914V,
    author = "{Vacca}, William D. and {Garmany}, Catharine D. and {Shull}, J. Michael",
    title = "The Lyman-Continuum Fluxes and Stellar Parameters of O and Early B-Type Stars",
    journal = "\apj",
    year = 1996,
    month = apr,
    volume = 460,
    pages = "914+",
    adsnote = {Provided by the NASA Astrophysics Data System}
}

@ARTICLE{1986A&A...162..369S,
    author = "{Schild}, H. and {Berthet}, S.",
    title = "Blue stragglers and the OBN phenomenon",
    journal = "\aap",
    year = 1986,
    month = jul,
    volume = 162,
    pages = "369--372",
    adsnote = {Provided by the NASA Astrophysics Data System}
}

@ARTICLE{1985A&A...146..113S,
    author = "{Schild}, H.",
    title = "The evolutionary status of OB stars with peculiar nitrogen spectra",
    journal = "\aap",
    year = 1985,
    month = may,
    volume = 146,
    pages = "113--118",
    adsnote = {Provided by the NASA Astrophysics Data System}
}

@ARTICLE{1994A&A...284L..27M,
    author = "{Murdoch}, K. A. and {Drew}, J. E. and {Anderson}, L. S.",
    title = "Infrared line emission in 10 Lacertae",
    journal = "\aap",
    year = 1994,
    month = apr,
    volume = 284,
    pages = "L27--L30",
    adsnote = {Provided by the NASA Astrophysics Data System}
}

@ARTICLE{1995ApJ...439..860C,
    author = "{Collins}, George W., II and {Truax}, Ryland J.",
    title = "Classical rotational broadening of spectral lines",
    journal = "\apj",
    year = 1995,
    month = feb,
    volume = 439,
    pages = "860--874",
    adsnote = {Provided by the NASA Astrophysics Data System}
}

@ARTICLE{1992A&A...266..395K,
    author = "{Kudritzki}, R. P.",
    title = "The formation of weak metal lines in the atmosphere of O-stars - The role of microturbulence and transonic matter outflow",
    journal = "\aap",
    year = 1992,
    month = dec,
    volume = 266,
    pages = "395--401",
    adsnote = {Provided by the NASA Astrophysics Data System}
}

@ARTICLE{1997ApJ...487..380T,
    author = "{Thaller}, Michelle L.",
    title = "A Survey for H alpha Emission in Massive Binaries: The Search for Colliding Wind Candidates",
    journal = "\apj",
    year = 1997,
    month = sep,
    volume = 487,
    pages = "380+",
    adsnote = {Provided by the NASA Astrophysics Data System}
}

@ARTICLE{1993ApJ...412..771L,
    author = "{Lamers}, Henny J. G. L. M. and {Leitherer}, Claus",
    title = "What are the mass-loss rates of O stars?",
    journal = "\apj",
    year = 1993,
    month = aug,
    volume = 412,
    pages = "771--791",
    adsnote = {Provided by the NASA Astrophysics Data System}
}

@ARTICLE{1988ApJ...324..279L,
    author = "{Lamers}, Henny J. G. L. M. and {Fitzpatrick}, Edward L.",
    title = "The relationship between the Eddington limit, the observed upper luminosity limit for massive stars, and the luminous blue variables",
    journal = "\apj",
    year = 1988,
    month = jan,
    volume = 324,
    pages = "279--287",
    adsnote = {Provided by the NASA Astrophysics Data System}
}
